%Reference for collaborative paper (2) 
 
 %Reviews
@article{Marler04,
  author = {Marler, R.T.  and Arora , J.S.},
  title = {{Survey of Multi-objective Optimization Methods for Engineering}},
  journal = {Structural and Multidisciplinary Optimization},
  year = {2004},
  volume = {26},
  number = {6},
  pages = {369--395},
  issn = {1615-1488}
}

%estimation of nadir point
@techreport{Deb08,
   author = {Deb K., Miettinen K.},
   institution = {Indian Institute of Technology},
   number = {KanGAL Report 2008004},
   title = {{A Review of Nadir Point Estimation Procedures Using Evolutionary Approaches: A Tale of Dimensionality Reduction}},
   year = {2008}
}

%normalization 
@INPROCEEDINGS{Palar15, 
author={P. S. Palar and T. Tsuchiya and G. Parks}, 
booktitle={2015 IEEE Congress on Evolutionary Computation (CEC)}, 
title={Comparison of scalarization functions within a local surrogate assisted multi-objective memetic algorithm framework for expensive problems}, 
year={2015}, 
pages={862-869}, 
keywords={Pareto optimisation;genetic algorithms;search problems;15-dimensional ZDT1 test problem;15-dimensional ZDT2 test problem;15-dimensional ZDT3 test problem;SS-MOMA-TC;SS-MOMA-WS;Tchebycheff scalarizing function;Tchebycheff-type SS-MOMA;computational budget;discontinuous Pareto front;diversity metrics;generational distance;heuristic-based optimizer;local surrogate assisted multiobjective memetic algorithm framework;multiobjective optimization;nondominated solutions diversity enhancement;performance indicators;scalarizing function optimization;single-surrogate assisted local search memetic algorithm;weighted sum-SS-MOMA;Linear programming;Measurement;Memetics;Optimization;Search problems;Sociology;Statistics;NSGA-II;Scalarizing functions;expensive problem;local search;local surrogate model}, 
doi={10.1109/CEC.2015.7256981}, 
ISSN={1089-778X}, 
month={May}
}

% Kaisa's book
@Book{Miettinen98,
author = {Miettinen, Kaisa},
title = {Nonlinear Multiobjective Optimization},
year={1998},
publisher={International Series in Operations Research \& Management Science},
isbn={978-1-4613-7544-9},
volume={12}
}

% MOEA/D
@article{Zhang07,
   author = {Qingfu Zhang and Hui Li},
   title = {{MOEA}/{D}: {A} {M}ultiobjective {E}volutionary {A}lgorithm {B}ased on {D}ecomposition},
   journal = {IEEE Transactions on Evolutionary Computation},
   volume = {11},
   number = {6},
   pages = {712--731},
   month = {December},
   year = {2007}
}
